<collection xmlns="http://www.loc.gov/MARC21/slim">
<record>
  <leader>01514nam0a2200265 i 450 </leader>
  <controlfield tag="001">IT\ICCU\CNCE\015670</controlfield>
  <controlfield tag="005">20090416000000.0</controlfield>
  <datafield tag="012" ind1=" " ind2=" ">
    <subfield code="a">l-le liar arre oame (C) 1521 (R)</subfield>
    <subfield code="2">fei</subfield>
  </datafield>
  <datafield tag="100" ind1=" " ind2=" ">
    <subfield code="a">19970101d1521        0itac0103    ba</subfield>
  </datafield>
  <datafield tag="101" ind1=" " ind2=" ">
    <subfield code="a">ITA</subfield>
  </datafield>
  <datafield tag="102" ind1=" " ind2=" ">
    <subfield code="a">IT</subfield>
  </datafield>
  <datafield tag="200" ind1="1" ind2=" ">
    <subfield code="a">Constitutione et capituli generali de le Fraternite, de sancto Augustino, sancto Dominico, et sancto Francescho reformati dellanno 1520</subfield>
  </datafield>
  <datafield tag="210" ind1=" " ind2=" ">
    <subfield code="e">Impressum Perusie</subfield>
    <subfield code="g">per Baldaxarem Francisci de Cartularijs</subfield>
    <subfield code="h">qui incepit imprimere dictum opus</subfield>
    <subfield code="h">anno Domini 1520 die 29 Decembris et definit anno Domini 1521 die XVIII Ianuarii</subfield>
  </datafield>
  <datafield tag="215" ind1=" " ind2=" ">
    <subfield code="a">\8! c.</subfield>
    <subfield code="c">ill.</subfield>
    <subfield code="d">4ʻ</subfield>
  </datafield>
  <datafield tag="620" ind1=" " ind2=" ">
    <subfield code="a">IT</subfield>
    <subfield code="d">Perugia</subfield>
  </datafield>
  <datafield tag="710" ind1="0" ind2="0">
    <subfield code="a">Confraternita di S. Agostino, S. Domenico e S. Francesco</subfield>
    <subfield code="c"> &lt;Perugia&gt;</subfield>
    <subfield code="3">IT\ICCU\CNCT\004227</subfield>
  </datafield>
  <datafield tag="712" ind1="0" ind2="0">
    <subfield code="a">Cartolari, Baldassarre</subfield>
    <subfield code="3">IT\ICCU\CNCT\000423</subfield>
    <subfield code="4">650</subfield>
  </datafield>
  <datafield tag="791" ind1="0" ind2="0">
    <subfield code="a">Fraternite di S. Agostino, S. Domenico e S. Francesco</subfield>
    <subfield code="c"> &lt;Perugia&gt;</subfield>
    <subfield code="3">IT\ICCU\CNCT\004228</subfield>
    <subfield code="z">Confraternita di S. Agostino, S. Domenico e S. Francesco &lt;Perugia&gt;</subfield>
  </datafield>
  <datafield tag="791" ind1="0" ind2="0">
    <subfield code="a">Cartularis, Balthesar de</subfield>
    <subfield code="3">IT\ICCU\CNCT\004476</subfield>
    <subfield code="z">Cartolari, Baldassarre</subfield>
  </datafield>
  <datafield tag="791" ind1="0" ind2="0">
    <subfield code="a">Cartholaio, Baldassarre</subfield>
    <subfield code="3">IT\ICCU\CNCT\004477</subfield>
    <subfield code="z">Cartolari, Baldassarre</subfield>
  </datafield>
  <datafield tag="791" ind1="0" ind2="0">
    <subfield code="a">Cartulario, Baldassarre</subfield>
    <subfield code="3">IT\ICCU\CNCT\004479</subfield>
    <subfield code="z">Cartolari, Baldassarre</subfield>
  </datafield>
  <datafield tag="791" ind1="0" ind2="0">
    <subfield code="a">Cartulari, Baldassarre de</subfield>
    <subfield code="3">IT\ICCU\CNCT\004482</subfield>
    <subfield code="z">Cartolari, Baldassarre</subfield>
  </datafield>
  <datafield tag="791" ind1="0" ind2="0">
    <subfield code="a">Cartolaro, Baldassarre de</subfield>
    <subfield code="3">IT\ICCU\CNCT\004483</subfield>
    <subfield code="z">Cartolari, Baldassarre</subfield>
  </datafield>
  <datafield tag="801" ind1=" " ind2="3">
    <subfield code="a">IT</subfield>
    <subfield code="b">ICCU</subfield>
    <subfield code="c">20201114</subfield>
  </datafield>
  <datafield tag="899" ind1=" " ind2=" ">
    <subfield code="a">Biblioteca comunale Augusta. Perugia</subfield>
    <subfield code="1">PG0109</subfield>
    <subfield code="2">UM1 01</subfield>
  </datafield>
</record>
</collection>
